@article{Amico2018,
  doi = {10.1038/s41598-018-25089-1},
  year = {2018},
  month = may,
  publisher = {Springer Science and Business Media {LLC}},
  volume = {8},
  number = {1},
  author = {Enrico Amico and Joaqu{\'{\i}}n Go{\~{n}}i},
  title = {The quest for identifiability in human functional connectomes},
  journal = {Scientific Reports}
}

@inproceedings{Murray2010,
 author = {Murray, Iain and Adams, Ryan P},
 booktitle = {Advances in Neural Information Processing Systems},
 editor = {J. Lafferty and C. Williams and J. Shawe-Taylor and R. Zemel and A. Culotta},
 pages = {},
 publisher = {Curran Associates, Inc.},
 title = {Slice sampling covariance hyperparameters of latent Gaussian models},
 url = {https://proceedings.neurips.cc/paper/2010/file/4d5b995358e7798bc7e9d9db83c612a5-Paper.pdf},
 volume = {23},
 year = {2010}
}

@article{lovasz2006,
title = {Limits of dense graph sequences},
journal = {Journal of Combinatorial Theory, Series B},
volume = {96},
number = {6},
pages = {933-957},
year = {2006},
issn = {0095-8956},
doi = {10.1016/j.jctb.2006.05.002},
author = {László Lovász and Balázs Szegedy},
keywords = {Graph homomorphism, Convergent graph sequence, Limit, Quasirandom graph},
}

@inproceedings{lloyd2012,
 author = {Lloyd, James and Orbanz, Peter and Ghahramani, Zoubin and Roy, Daniel M},
 booktitle = {Advances in Neural Information Processing Systems},
 editor = {F. Pereira and C.J. Burges and L. Bottou and K.Q. Weinberger},
 pages = {},
 publisher = {Curran Associates, Inc.},
 title = {Random function priors for exchangeable arrays with applications to graphs and relational data},
 url = {https://proceedings.neurips.cc/paper/2012/file/df6c9756b2334cc5008c115486124bfe-Paper.pdf},
 volume = {25},
 year = {2012}
}

@article{Bassett2018,
doi = {10.1038/s41583-018-0038-8},
year = 2018,
month = {jul},
publisher = {Springer Science and Business Media {LLC}},
volume = {19},
number = {9},
pages = {566--578},
author = {Danielle S. Bassett and Perry Zurn and Joshua I. Gold},
title = {On the nature and use of models in network neuroscience},
journal = {Nature Reviews Neuroscience}
}

@article{Betzel2016,
	doi = {10.1016/j.neuroimage.2015.09.041},
	year = 2016,
	month = {jan},
	publisher = {Elsevier {BV}},
	volume = {124},
	pages = {1054--1064},
	author = {Richard F. Betzel and Andrea Avena-Koenigsberger and Joaqu{\'{\i}}n Go{\~{n}}i and Ye He and Marcel A. de Reus and Alessandra Griffa and Petra E. V{\'{e}}rtes and Bratislav Mi{\v{s}}ic and Jean-Philippe Thiran and Patric Hagmann and Martijn van den Heuvel and Xi-Nian Zuo and Edward T. Bullmore and Olaf Sporns},
	title = {Generative models of the human connectome},
	journal = {{NeuroImage}}
}

@article{roy2019,
author = {Arkaprava Roy and Subhashis Ghosal and Jeffrey Prescott and Kingshuk Roy Choudhury},
title = {{Bayesian modeling of the structural connectome for studying Alzheimer’s disease}},
volume = {13},
journal = {The Annals of Applied Statistics},
number = {3},
publisher = {Institute of Mathematical Statistics},
pages = {1791 -- 1816},
keywords = {ADNI, brain image, B-spline prior, connectome, Graphical model, graphon, HMC},
year = {2019},
doi = {10.1214/19-AOAS1257},
}

@misc{chandna2020,
  doi = {10.48550/ARXIV.2001.04938},
  author = {Chandna, Swati and Maugis, Pierre-Andre},
  keywords = {Methodology (stat.ME), FOS: Computer and information sciences, FOS: Computer and information sciences},
  title = {Nonparametric regression for multiple heterogeneous networks},
  publisher = {arXiv},
  year = {2020},
  copyright = {arXiv.org perpetual, non-exclusive license}
}

@article{Sischka2022,
title = {EM-based smooth graphon estimation using MCMC and spline-based approaches},
journal = {Social Networks},
volume = {68},
pages = {279-295},
year = {2022},
issn = {0378-8733},
doi = {10.1016/j.socnet.2021.08.007},
author = {Benjamin Sischka and Göran Kauermann},
keywords = {Graphon model, EM algorithm, MCMC, Gibbs sampling, B-spline surface, Social network, Political network, Connectome},
}

@article{Bassett2017,
  doi = {10.1038/nn.4502},
  year = {2017},
  month = feb,
  publisher = {Springer Science and Business Media {LLC}},
  volume = {20},
  number = {3},
  pages = {353--364},
  author = {Danielle S Bassett and Olaf Sporns},
  title = {Network neuroscience},
  journal = {Nature Neuroscience}
}

@article{Sporns2005,
	doi = {10.1371/journal.pcbi.0010042},
	year = 2005,
	publisher = {Public Library of Science ({PLoS})},
	volume = {1},
	number = {4},
	pages = {e42},
	author = {Olaf Sporns and Giulio Tononi and Rolf Kötter},
	title = {The Human Connectome: A Structural Description of the Human Brain},
	journal = {{PLoS} Computational Biology}
}

@phdthesis{Hagmann2005,
    title    = {From diffusion MRI to brain connectomics},
    school   = {École Polytechnique Fédérale de Lausanne},
    author   = {Patric Hagmann},
    year     = {2005},
    doi      = {10.5075/epfl-thesis-3230}
}

@Inbook{Sporns2016,
author="Sporns, Olaf",
editor="Kennedy, Henry
and Van Essen, David C.
and Christen, Yves",
title="Connectome Networks: From Cells to Systems",
bookTitle="Micro-, Meso- and Macro-Connectomics of the Brain",
year="2016",
publisher="Springer International Publishing",
address="Cham",
pages="107--127",
isbn="978-3-319-27777-6",
doi="10.1007/978-3-319-27777-6_8",
}

@article{friston2011,
author = {Friston, Karl J.},
title = {Functional and Effective Connectivity: A Review},
journal = {Brain Connectivity},
volume = {1},
number = {1},
pages = {13-36},
year = {2011},
doi = {10.1089/brain.2011.0008},
note ={PMID: 22432952},
}

@incollection{betzel2022,
title = {Chapter 2 - Network neuroscience and the connectomics revolution},
editor = {Andreas Horn},
booktitle = {Connectomic Deep Brain Stimulation},
publisher = {Academic Press},
pages = {25-58},
year = {2022},
isbn = {978-0-12-821861-7},
doi = {10.1016/B978-0-12-821861-7.00002-6},
author = {Richard F. Betzel},
}

@phdthesis{Takes2014,
    title    = {Algorithms for Analyzing and Mining Real-World Graphs},
    school   = {Leiden University},
    author   = {Frank Willem Takes},
    year     = {2014},
    doi      = {1887/29764}
}

@article{geerligs2014,
    author = {Geerligs, Linda and Renken, Remco J. and Saliasi, Emi and Maurits, Natasha M. and Lorist, Monicque M.},
    title = "{A Brain-Wide Study of Age-Related Changes in Functional Connectivity}",
    journal = {Cerebral Cortex},
    volume = {25},
    number = {7},
    pages = {1987-1999},
    year = {2014},
    month = {02},
    issn = {1047-3211},
    doi = {10.1093/cercor/bhu012},
}

@article{yuan2017,
author = {Weihong Yuan and Amery Treble-Barna and McKay M. Sohlberg and Beth Harn and Shari L. Wade},
title ={Changes in Structural Connectivity Following a Cognitive Intervention in Children With Traumatic Brain Injury: A Pilot Study},
journal = {Neurorehabilitation and Neural Repair},
volume = {31},
number = {2},
pages = {190-201},
year = {2017},
doi = {10.1177/1545968316675430},
}

@article{kallenberg1990,
author = {Olav Kallenberg},
year = {1990},
month = {09},
pages = {81-136},
title = {Exchangeable random measures in the plane},
volume = {3},
journal = {Journal of Theoretical Probability},
doi = {10.1007/BF01063330},
}

@misc{memoli2016, 
year = {2016}, 
author = {Mémoli, Facundo}, 
title = {{Graphons and the cut distance.}}, 
url = {https://people.math.osu.edu/memolitechera.1/courses/cse-topics-2016/slides/corey-graphons-slides.pdf}, 
keywords = {}, 
month = {3}
}

@techreport{hoover1979,
  author      = "Douglas Neil Hoover",
  title       = "Relations on probability spaces and arrays of random variables",
  institution = "Princeton",
  year        = "1979",
  url={https://www.stat.berkeley.edu/~aldous/Research/hoover.pdf}
}

@article{aldous1981,
title = {Representations for partially exchangeable arrays of random variables},
journal = {Journal of Multivariate Analysis},
volume = {11},
number = {4},
pages = {581-598},
year = {1981},
issn = {0047-259X},
doi = {10.1016/0047-259X(81)90099-3},
author = {David J. Aldous},
}

@misc{diaconis2007,
  doi = {10.48550/ARXIV.0712.2749},
  author = {Diaconis, Persi and Janson, Svante},
  title = {Graph limits and exchangeable random graphs},
  publisher = {arXiv},
  year = {2007},
}

@article{austin2008,
author = {Tim Austin},
title = {{On exchangeable random variables and the statistics of large graphs and hypergraphs}},
volume = {5},
journal = {Probability Surveys},
number = {none},
publisher = {Institute of Mathematical Statistics and Bernoulli Society},
pages = {80 -- 145},
year = {2008},
doi = {10.1214/08-PS124},
}

@Article{latouche2016,
author={Latouche, Pierre
and Robin, St{\'e}phane},
title={Variational Bayes model averaging for graphon functions and motif frequencies inference in W-graph models},
journal={Statistics and Computing},
year={2016},
month={Nov},
day={01},
volume={26},
number={6},
pages={1173-1185},
issn={1573-1375},
doi={10.1007/s11222-015-9607-0},
}

@article{holland1983,
title = {Stochastic blockmodels: First steps},
journal = {Social Networks},
volume = {5},
number = {2},
pages = {109-137},
year = {1983},
issn = {0378-8733},
doi = {10.1016/0378-8733(83)90021-7},
author = {Paul W. Holland and Kathryn Blackmond Laskey and Samuel Leinhardt},
}

@article{funke2019,
    doi = {10.1371/journal.pone.0215296},
    author = {Funke, Thorben AND Becker, Till},
    journal = {PLOS ONE},
    publisher = {Public Library of Science},
    title = {Stochastic block models: A comparison of variants and inference methods},
    year = {2019},
    month = {04},
    volume = {14},
    pages = {1-40},
    number = {4},
}

@inproceedings{airoldi2013,
 author = {Airoldi, Edo M and Costa, Thiago B and Chan, Stanley H},
 booktitle = {Advances in Neural Information Processing Systems},
 editor = {C.J. Burges and L. Bottou and M. Welling and Z. Ghahramani and K.Q. Weinberger},
 pages = {},
 publisher = {Curran Associates, Inc.},
 title = {Stochastic blockmodel approximation of a graphon: Theory and consistent estimation},
 url = {https://proceedings.neurips.cc/paper/2013/file/b7b16ecf8ca53723593894116071700c-Paper.pdf},
 volume = {26},
 year = {2013}
}

@article{pensky2019,
author = {Marianna Pensky},
title = {{Dynamic network models and graphon estimation}},
volume = {47},
journal = {The Annals of Statistics},
number = {4},
publisher = {Institute of Mathematical Statistics},
pages = {2378 -- 2403},
keywords = {dynamic network, graphon, Minimax rate, Nonparametric regression, Stochastic block model},
year = {2019},
doi = {10.1214/18-AOS1751},
}

@article{peng2022,
 title = {An empirical Bayes approach to stochastic blockmodels and graphons: shrinkage estimation and model selection},
 author = {Peng, Zhanhao and Zhou, Qing},
 year = 2022,
 month = jul,
 keywords = {Stochastic block model, Graphon, Empirical Bayes, Networks},
 volume = 8,
 pages = {e1006},
 journal = {PeerJ Computer Science},
 issn = {2376-5992},
 doi = {10.7717/peerj-cs.1006}
}

@article{noroozi2021,
  author  = {Majid Noroozi and Marianna Pensky and Ramchandra Rimal},
  title   = {Sparse Popularity Adjusted Stochastic Block Model},
  journal = {Journal of Machine Learning Research},
  year    = {2021},
  volume  = {22},
  number  = {193},
  pages   = {1--36},
  url     = {http://jmlr.org/papers/v22/19-835.html}
}

@inproceedings{gyenge2010,
author = {Gyenge, \'{A}d\'{a}m and Sinkkonen, Janne and Bencz\'{u}r, Andr\'{a}s A.},
title = {An Efficient Block Model for Clustering Sparse Graphs},
year = {2010},
isbn = {9781450302142},
publisher = {Association for Computing Machinery},
address = {New York, NY, USA},
doi = {10.1145/1830252.1830261},
booktitle = {Proceedings of the Eighth Workshop on Mining and Learning with Graphs},
pages = {62–69},
numpages = {8},
keywords = {hierarchical Bayes, block model, statistical network analysis, collapsed Gibbs, latent variables},
location = {Washington, D.C.},
series = {MLG '10}
}

@book{rasmussen2005,
	doi = {10.7551/mitpress/3206.001.0001},
	year = 2005,
	publisher = {The {MIT} Press},
	author = {Carl Edward Rasmussen and Christopher K. I. Williams},
	title = {Gaussian Processes for Machine Learning}
}

@article{neal2003,
author = {Radford M. Neal},
title = {{Slice sampling}},
volume = {31},
journal = {The Annals of Statistics},
number = {3},
publisher = {Institute of Mathematical Statistics},
pages = {705 -- 767},
year = {2003},
doi = {10.1214/aos/1056562461},
}

@article{destrieux2010,
title = {Automatic parcellation of human cortical gyri and sulci using standard anatomical nomenclature},
journal = {NeuroImage},
volume = {53},
number = {1},
pages = {1-15},
year = {2010},
issn = {1053-8119},
doi = {10.1016/j.neuroimage.2010.06.010},
author = {Christophe Destrieux and Bruce Fischl and Anders Dale and Eric Halgren},
keywords = {Anatomy, Atlas, Brain, Cerebral cortex, MRI},
}

@article{vanessen2012,
title = {The Human Connectome Project: A data acquisition perspective},
journal = {NeuroImage},
volume = {62},
number = {4},
pages = {2222-2231},
year = {2012},
note = {Connectivity},
issn = {1053-8119},
doi = {10.1016/j.neuroimage.2012.02.018},
author = {D.C. {Van Essen} and K. Ugurbil and E. Auerbach and D. Barch and T.E.J. Behrens and R. Bucholz and A. Chang and L. Chen and M. Corbetta and S.W. Curtiss and S. {Della Penna} and D. Feinberg and M.F. Glasser and N. Harel and A.C. Heath and L. Larson-Prior and D. Marcus and G. Michalareas and S. Moeller and R. Oostenveld and S.E. Petersen and F. Prior and B.L. Schlaggar and S.M. Smith and A.Z. Snyder and J. Xu and E. Yacoub},
}

@inproceedings{hoff2007,
 author = {Hoff, Peter},
 booktitle = {Advances in Neural Information Processing Systems},
 editor = {J. Platt and D. Koller and Y. Singer and S. Roweis},
 pages = {},
 publisher = {Curran Associates, Inc.},
 title = {Modeling homophily and stochastic equivalence in symmetric relational data},
 url = {https://proceedings.neurips.cc/paper/2007/file/766ebcd59621e305170616ba3d3dac32-Paper.pdf},
 volume = {20},
 year = {2007}
}

@article{barbillon2022,
 title={missSBM: An R Package for Handling Missing Values in the Stochastic Block Model},
 volume={101},
 doi={10.18637/jss.v101.i12},
 number={12},
 journal={Journal of Statistical Software},
 author={Barbillon, Pierre and Chiquet, Julien and Tabouy, Timothée},
 year={2022},
 pages={1–32}
}

@article{finch2021,
    author = {Holmes Finch},
    title = {Comparison of Distance Measures in Cluster Analysis with Dichotomous Data},
    journal = {Journal of Data Science},
    volume = {3},
    number = {1},
    year = {2021},
    pages = {85--100},
    doi = {10.6339/JDS.2005.03(1).192
},
    issn = {1680-743X},
    publisher = {School of Statistics, Renmin University of China}
}

@article{anderson1992,
	doi = {10.1016/0378-8733(92)90017-2},
	year = 1992,
	month = {mar},
	publisher = {Elsevier {BV}},
	volume = {14},
	number = {1-2},
	pages = {137--161},
	author = {Carolyn J Anderson and Stanley Wasserman and Katherine Faust},
	title = {Building stochastic blockmodels},
	journal = {Social Networks}
}

@inproceedings{borgs2017,
	doi = {10.1145/3033274.3084097},
	year = 2017,
	month = {jun},
	publisher = {{ACM}},
	author = {Christian Borgs and Jennifer Chayes},
	title = {Graphons},
	booktitle = {Proceedings of the 2017 {ACM} Conference on Economics and Computation}
}

@phdthesis{turnbull2020,
  doi = {10.17635/LANCASTER/THESIS/829},
  author = {Turnbull, Kathryn},
  title = {Advancements in Latent Space Network Modelling},
  year = {2020},
  copyright = {License unspecified},
  school = {Lancaster University}
}

@article{civier2019,
	doi = {10.1016/j.neuroimage.2019.02.039},
	year = 2019,
	month = {jul},
	publisher = {Elsevier {BV}},
	volume = {194},
	pages = {68--81},
	author = {Oren Civier and Robert Elton Smith and Chun-Hung Yeh and Alan Connelly and Fernando Calamante},
	title = {Is removal of weak connections necessary for graph-theoretical analysis of dense weighted structural connectomes from diffusion {MRI}?},
	journal = {{NeuroImage}}
}

@article{yeh2020,
	doi = {10.1002/jmri.27188},
	year = 2020,
	month = {jun},
	publisher = {Wiley},
	volume = {53},
	number = {6},
	pages = {1666--1682},
	author = {Chun-Hung Yeh and Derek K. Jones and Xiaoyun Liang and Maxime Descoteaux and Alan Connelly},
	title = {Mapping Structural Connectivity Using Diffusion MRI: Challenges and Opportunities},
	journal = {Journal of Magnetic Resonance Imaging}
}
@article{tan2019,
title = {Structural connectome alterations in patients with disorders of consciousness revealed by 7-tesla magnetic resonance imaging},
journal = {NeuroImage: Clinical},
volume = {22},
pages = {101702},
year = {2019},
issn = {2213-1582},
doi = {https://doi.org/10.1016/j.nicl.2019.101702},
url = {https://www.sciencedirect.com/science/article/pii/S221315821930052X},
author = {Xufei Tan and Zhen Zhou and Jian Gao and Fanxia Meng and Yamei Yu and Jie Zhang and Fangping He and Ruili Wei and Junyang Wang and Guoping Peng and Xiaotong Zhang and Gang Pan and Benyan Luo},
keywords = {Disorders of consciousness, Ultra-high field (7 T), White matter, Diffusion MRI, Connectome, Transitivity},
}

@article{durante2018,
author = {Daniele Durante and David B. Dunson},
title = {{Bayesian Inference and Testing of Group Differences in Brain Networks}},
volume = {13},
journal = {Bayesian Analysis},
number = {1},
publisher = {International Society for Bayesian Analysis},
pages = {29 -- 58},
keywords = {brain network, mixture model, multiple testing, nonparametric Bayes},
year = {2018},
doi = {10.1214/16-BA1030},
URL = {https://doi.org/10.1214/16-BA1030}
}
@article{vertes2012,
author = {Petra E. Vértes  and Aaron F. Alexander-Bloch  and Nitin Gogtay  and Jay N. Giedd  and Judith L. Rapoport  and Edward T. Bullmore },
title = {Simple models of human brain functional networks},
journal = {Proceedings of the National Academy of Sciences},
volume = {109},
number = {15},
pages = {5868-5873},
year = {2012},
doi = {10.1073/pnas.1111738109},
}

@ARTICLE{xu2019,
  author={Xu, Zenglin and Liu, Bin and Zhe, Shandian and Bai, Haoli and Wang, Zihan and Neville, Jennifer},
  journal={IEEE Transactions on Neural Networks and Learning Systems}, 
  title={Variational Random Function Model for Network Modeling}, 
  year={2019},
  volume={30},
  number={1},
  pages={318-324},
  doi={10.1109/TNNLS.2018.2837667}}

@article{hinne2017,
    doi = {10.1371/journal.pcbi.1005374},
    author = {Hinne, Max AND Meijers, Annet AND Bakker, Rembrandt AND Tiesinga, Paul H. E. AND Mørup, Morten AND van Gerven, Marcel A. J.},
    journal = {PLOS Computational Biology},
    publisher = {Public Library of Science},
    title = {The missing link: Predicting connectomes from noisy and partially observed tract tracing data},
    year = {2017},
    month = {01},
    volume = {13},
    url = {https://doi.org/10.1371/journal.pcbi.1005374},
    pages = {1-22},
    number = {1},
}

@article{dragana2020,
title = {Multi-subject Stochastic Blockmodels for adaptive analysis of individual differences in human brain network cluster structure},
journal = {NeuroImage},
volume = {220},
pages = {116611},
year = {2020},
issn = {1053-8119},
doi = {https://doi.org/10.1016/j.neuroimage.2020.116611},
url = {https://www.sciencedirect.com/science/article/pii/S1053811920300987},
author = {Dragana M. Pavlović and Bryan R.L. Guillaume and Emma K. Towlson and Nicole M.Y. Kuek and Soroosh Afyouni and Petra E. Vértes and B.T. Thomas Yeo and Edward T. Bullmore and Thomas E. Nichols},
}

@misc{jacobs2014,
  doi = {10.48550/ARXIV.1411.4070},
  author = {Jacobs, Abigail Z. and Clauset, Aaron},
  title = {A unified view of generative models for networks: models, methods, opportunities, and challenges},
  publisher = {arXiv},
  year = {2014},
  copyright = {arXiv.org perpetual, non-exclusive license}
}

@misc{wolfe2013,
      title={Nonparametric graphon estimation}, 
      author={Patrick J. Wolfe and Sofia C. Olhede},
      year={2013},
      eprint={1309.5936},
      archivePrefix={arXiv},
      primaryClass={math.ST},
      doi={10.48550/arXiv.1309.5936}
}

@ARTICLE{Medina2020,  
    author={Avella-Medina, Marco and Parise, Francesca and Schaub, Michael T. and Segarra, Santiago},  
    journal={IEEE Transactions on Network Science and Engineering},   
    title={Centrality Measures for Graphons: Accounting for Uncertainty in Networks},   
    year={2020},  
    volume={7},  
    number={1},  
    pages={520-537},  
    doi={10.1109/TNSE.2018.2884235}}

@article{roberts2017,
title = {Consistency-based thresholding of the human connectome},
journal = {NeuroImage},
volume = {145},
pages = {118-129},
year = {2017},
issn = {1053-8119},
doi = {10.1016/j.neuroimage.2016.09.053},
author = {James A. Roberts and Alistair Perry and Gloria Roberts and Philip B. Mitchell and Michael Breakspear},
}

@article {royer2021,
	author = {Royer, Jessica and Rodr{\'\i}guez-Cruces, Ra{\'u}l and Tavakol, Shahin and Larivi{\`e}re, Sara and Herholz, Peer and Li, Qiongling and de Wael, Reinder Vos and Paquola, Casey and Benkarim, Oualid and Park, Bo-yong and Lowe, Alexander J. and Margulies, Daniel and Smallwood, Jonathan and Bernasconi, Andrea and Bernasconi, Neda and Frauscher, Birgit and Bernhardt, Boris C.},
	title = {An Open MRI Dataset for Multiscale Neuroscience},
	elocation-id = {2021.08.04.454795},
	year = {2021},
	doi = {10.1101/2021.08.04.454795},
	publisher = {Cold Spring Harbor Laboratory},
	journal = {bioRxiv}
}

@article{matias2014,
	doi = {10.1051/proc/201447004},
	year = 2014,
	month = {dec},
	publisher = {{EDP} Sciences},
	volume = {47},
	pages = {55--74},
	author = {Catherine Matias and St{\'{e}}phane Robin},
	title = {Modeling heterogeneity in random graphs through latent space models: a selective review},
	journal = {{ESAIM}: Proceedings and Surveys}
}

@article{rubinov2010,
title = {Complex network measures of brain connectivity: Uses and interpretations},
journal = {NeuroImage},
volume = {52},
number = {3},
pages = {1059-1069},
year = {2010},
note = {Computational Models of the Brain},
issn = {1053-8119},
doi = {10.1016/j.neuroimage.2009.10.003},
author = {Mikail Rubinov and Olaf Sporns},
}

@article{lim2019,
	doi = {10.1038/s41598-019-39243-w},
	year = 2019,
	month = {feb},
	volume = {9},
	number = {1},
	author = {Sol Lim and Filippo Radicchi and Martijn P. van den Heuvel and Olaf Sporns},
	title = {Discordant attributes of structural and functional brain connectivity in a two-layer multiplex network},
	journal = {Scientific Reports}
}

@article{ingalhalikar2014,
author = {Madhura Ingalhalikar  and Alex Smith  and Drew Parker  and Theodore D. Satterthwaite  and Mark A. Elliott  and Kosha Ruparel  and Hakon Hakonarson  and Raquel E. Gur  and Ruben C. Gur  and Ragini Verma },
title = {Sex differences in the structural connectome of the human brain},
journal = {Proceedings of the National Academy of Sciences},
volume = {111},
number = {2},
pages = {823-828},
year = {2014},
doi = {10.1073/pnas.1316909110},
}

@article{farahani2019,
	doi = {10.3389/fnins.2019.00585},
	year = 2019,
	month = {jun},
	publisher = {Frontiers Media {SA}},
	volume = {13},
	author = {Farzad V. Farahani and Waldemar Karwowski and Nichole R. Lighthall},
	title = {Application of Graph Theory for Identifying Connectivity Patterns in Human Brain Networks: A Systematic Review},
	journal = {Frontiers in Neuroscience}
}

@article{vecchio2017,
	doi = {10.1016/j.cnp.2017.09.003},
	url = {https://doi.org/10.1016%2Fj.cnp.2017.09.003},
	year = 2017,
	publisher = {Elsevier {BV}},
	volume = {2},
	pages = {206--213},
	author = {Fabrizio Vecchio and Francesca Miraglia and Paolo Maria Rossini},
	title = {Connectome: Graph theory application in functional brain network architecture},
	journal = {Clinical Neurophysiology Practice}
}

@article{vanwijk2010,
	doi = {10.1371/journal.pone.0013701},
	year = 2010,
	month = {oct},
	volume = {5},
	number = {10},
	pages = {e13701},
	author = {Bernadette C. M. van Wijk and Cornelis J. Stam and Andreas Daffertshofer},
	title = {Comparing Brain Networks of Different Size and Connectivity Density Using Graph Theory},
	journal = {{PLoS} {ONE}}
}

@article{vosdewael2020,
	doi = {10.1038/s42003-020-0794-7},
	year = 2020,
	month = {mar},
	volume = {3},
	number = {1},
	author = {Reinder Vos de Wael and Oualid Benkarim and Casey Paquola and Sara Lariviere and Jessica Royer and Shahin Tavakol and Ting Xu and Seok-Jun Hong and Georg Langs and Sofie Valk and Bratislav Misic and Michael Milham and Daniel Margulies and Jonathan Smallwood and Boris C. Bernhardt},
	title = {{BrainSpace}: a toolbox for the analysis of macroscale gradients in neuroimaging and connectomics datasets},
	journal = {Communications Biology}
}

@article{simpson2011,
    doi = {10.1371/journal.pone.0020039},
    author = {Simpson, Sean L. AND Hayasaka, Satoru AND Laurienti, Paul J.},
    journal = {PLOS ONE},
    publisher = {Public Library of Science},
    title = {Exponential Random Graph Modeling for Complex Brain Networks},
    year = {2011},
    month = {05},
    volume = {6},
    pages = {1-11},
    number = {5},

}

@article{bullmore2011,
	doi = {10.1146/annurev-clinpsy-040510-143934},
	year = 2011,
	month = {apr},
	publisher = {Annual Reviews},
	volume = {7},
	number = {1},
	pages = {113--140},
	author = {Edward T. Bullmore and Danielle S. Bassett},
	title = {Brain Graphs: Graphical Models of the Human Brain Connectome},
	journal = {Annual Review of Clinical Psychology}
 
}







@article{larivi2019,
author = {Larivi\`{e}re, Sara and Vos de Wael, Reinder and Paquola, Casey and Hong, Seok-Jun and Mi\v{s}i\'{c}, Bratislav and Bernasconi, Neda and Bernasconi, Andrea and Bonilha, Leonardo and Bernhardt, Boris C.},
title = {Microstructure-Informed Connectomics: Enriching Large-Scale Descriptions of Healthy and Diseased Brains},
journal = {Brain Connectivity},
volume = {9},
number = {2},
pages = {113-127},
year = {2019},
doi = {10.1089/brain.2018.0587},
    note ={PMID: 30079754},

}


@incollection{candela2007,
	doi = {10.7551/mitpress/7496.003.0011},
	year = 2007,
	publisher = {The {MIT} Press},
	title = {Approximation Methods for Gaussian Process Regression},
	booktitle = {Large-Scale Kernel Machines},
        author={Joaquin Qui{{\~n}}onero-Candela and Carl Edward Rasmussen and Christopher K. I. Williams}
}

@article{nickisch2008,
  author  = {Hannes Nickisch and Carl Edward Rasmussen},
  title   = {Approximations for Binary Gaussian Process Classification},
  journal = {Journal of Machine Learning Research},
  year    = {2008},
  volume  = {9},
  number  = {67},
  pages   = {2035--2078},
  url     = {http://jmlr.org/papers/v9/nickisch08a.html}
}

@article{candela2005,
  author  = {Joaquin Qui{{\~n}}onero-Candela and Carl Edward Rasmussen},
  title   = {A Unifying View of Sparse Approximate Gaussian Process Regression},
  journal = {Journal of Machine Learning Research},
  year    = {2005},
  volume  = {6},
  number  = {65},
  pages   = {1939--1959},
  url     = {http://jmlr.org/papers/v6/quinonero-candela05a.html}
}